@software{lib:phoenix,
    title = {Phoenix Framework},
    url = {https://www.phoenixframework.org/},
}
@software{lang:elixir,
    title = {Elixir},
    url = {https://elixir-lang.org/},
}
@report{wp:ethereum,
    title = {Ethereum: A Next-Generation Smart Contract and Decentralized
             Application Platform},
    author = {Vitalik Buterin},
    year = 2014,
    url = {
           https://ethereum.org/669c9e2e2027310b6b3cdce6e1c52962/Ethereum_Whitepaper_-_Buterin_2014.pdf
           },
}
@report{yp:ethereum,
    title = {Ethereum: A Secure Decentralised Generalised Transaction Ledger},
    year = {Dr. Gavin Wood},
    date = {2022-10-24},
    url = {https://ethereum.github.io/yellowpaper/paper.pdf},
}
